@book{lamport1985i1,
  title={I1 (\LaTeX)--A Document},
  author={Lamport, Leslie},
  volume={410},
  year={1985},
  publisher={pub-AW},
  pages = {395--419}
}

@article{kopka1995guide,
  title={A Guide to \LaTeX--Document},
  author={Kopka, H and Daly, PW},
  year={1995},
  publisher={Citeseer},
  pages = {36--48}
}

@book{kottwitz2015latex,
  title={LaTeX Cookbook},
  author={Kottwitz, Stefan},
  year={2015},
  publisher={Packt Publishing Ltd},
}